@misc{test,
	author = "test",
	year = "2000",
	title = "Test",
	note = "\url{http://test.fr}"
}